@Article{胡振震2016,
  Title                    = {\LaTeX{}文档中文参考文献的 biblatex 解决方案},
  Author                   = {胡振震},
  Journal                  = {\LaTeX{}爱好者},
  Number                   = {1},
  Pages                    = {1-132},
  Volume                   = {1},
  Date                     = {2016-01-27},
  Urldate                  = {2019-02-16}
}
